@ARTICLE{lfsr:fastsim,
	author={Mukherjee, Nilanjan and Rajski, Janusz and Mrugalski, Grzegorz and Pogiel, Artur and Tyszer, Jerzy},
	journal={Computer}, 
	title={Ring Generator: An Ultimate Linear Feedback Shift Register}, 
	year={2011},
	volume={44},
	number={6},
	pages={64-71},
	doi={10.1109/MC.2010.334}}